%%%tesisupiita )Tesis: UPIITA-IPN
%Copyright (C) 2017 Juan Carlos Guzmán Salgado
%% Griselda Sánchez Otero
% ------------------------------------------------------------------------
% SAMPLE BIBLIOGRAPHY FILE
% ------------------------------------------------------------------------
% es nena y quiere manual
%\'a \'e \'i \'o \'u \"u
%\'A \'E \'I \'O \'U \"U
%\~n \~N
%?` ?  !` !
%

@MISC {cite_1, 
title={\textit{NSK Europe Ltd, «NSK EUROPE»}}, 
howpublished={\texttt{http://www.nskeurope.es/}}, 
month={Abril}, 
year={2016} 
} 

@MISC {cite_2, 
author={E. Z. Figueras y J. M. Miralles},
title={\textit{RODAMIENTOS}}, 
howpublished={school: DEPARTAMENT ENGINYERIA MEC\'ANICA UNIVERSITAT POLIT\'ECNICA DE CATALUNYA}, 
month={Barcelona},
year={2016} 
} 

@MISC {cite_3, 
author={H. R. Alonso},
title={\textit{Dise\~no Mec\'anico Rodamientos}}, 
howpublished={school: Universidad Carlos III de Madrid}, 
month={Madrid}
} 


